<record><leader>00000cas a2200000 a 4500</leader><controlfield tag="001">37314216</controlfield><controlfield tag="008">970717c19969999fludn ne      0    0eng c</controlfield><datafield ind1=" " ind2=" " tag="010"><subfield code="a">sn 97027920 </subfield></datafield><datafield ind1=" " ind2=" " tag="040"><subfield code="a">FUG</subfield><subfield code="b">eng</subfield><subfield code="c">FUG</subfield><subfield code="d">OCL</subfield><subfield code="d">OCLCQ</subfield><subfield code="d">OCLCF</subfield><subfield code="d">OCLCO</subfield></datafield><datafield ind1="1" ind2=" " tag="029"><subfield code="a">AU@</subfield><subfield code="b">000013408607</subfield></datafield><datafield ind1=" " ind2=" " tag="037"><subfield code="b">University of South Florida, CPR 472, Tampa, FL 33620-5600</subfield></datafield><datafield ind1=" " ind2=" " tag="042"><subfield code="a">pcc</subfield></datafield><datafield ind1=" " ind2=" " tag="043"><subfield code="a">n-us-fl</subfield></datafield><datafield ind1="0" ind2=" " tag="130"><subfield code="a">Oracle (Tampa, Fla. : 1996)</subfield></datafield><datafield ind1="1" ind2="4" tag="245"><subfield code="a">The oracle.</subfield></datafield><datafield ind1=" " ind2=" " tag="260"><subfield code="a">University of South Florida [Tampa, Fla. :</subfield><subfield code="b">Students of the University of South Florida],</subfield><subfield code="c">1996-</subfield></datafield><datafield ind1=" " ind2=" " tag="300"><subfield code="a">v. :</subfield><subfield code="b">ill. ;</subfield><subfield code="c">36 cm.</subfield></datafield><datafield ind1=" " ind2=" " tag="310"><subfield code="a">Monday through Friday, Aug. through Apr. (semiweekly May through July)</subfield></datafield><datafield ind1="0" ind2=" " tag="362"><subfield code="a">Vol. 34, no. 42 (Oct. 23, 1996)-</subfield></datafield><datafield ind1=" " ind2=" " tag="588"><subfield code="a">Latest issue consulted: Vol. 34, no. 164 (July 14, 1997).</subfield></datafield><datafield ind1="2" ind2="0" tag="610"><subfield code="a">University of South Florida</subfield><subfield code="x">Students.</subfield></datafield><datafield ind1=" " ind2="0" tag="651"><subfield code="a">Tampa (Fla.)</subfield><subfield code="v">Newspapers.</subfield></datafield><datafield ind1=" " ind2="0" tag="651"><subfield code="a">Hillsborough County (Fla.)</subfield><subfield code="v">Newspapers.</subfield></datafield><datafield ind1=" " ind2="7" tag="655"><subfield code="a">Newspapers.</subfield><subfield code="2">fast</subfield><subfield code="0">(OCoLC)fst01423814</subfield></datafield><datafield ind1="2" ind2="7" tag="610"><subfield code="a">University of South Florida.</subfield><subfield code="2">fast</subfield><subfield code="0">(OCoLC)fst00543686</subfield></datafield><datafield ind1=" " ind2="7" tag="650"><subfield code="a">Students.</subfield><subfield code="2">fast</subfield><subfield code="0">(OCoLC)fst01136041</subfield></datafield><datafield ind1=" " ind2="7" tag="651"><subfield code="a">Florida</subfield><subfield code="z">Hillsborough County.</subfield><subfield code="2">fast</subfield><subfield code="0">(OCoLC)fst01210214</subfield></datafield><datafield ind1=" " ind2="7" tag="651"><subfield code="a">Florida</subfield><subfield code="z">Tampa.</subfield><subfield code="2">fast</subfield><subfield code="0">(OCoLC)fst01206282</subfield></datafield><datafield ind1="2" ind2=" " tag="710"><subfield code="a">University of South Florida.</subfield></datafield><datafield ind1=" " ind2=" " tag="752"><subfield code="a">United States</subfield><subfield code="b">Florida</subfield><subfield code="c">Hillsborough</subfield><subfield code="d">Tampa.</subfield></datafield><datafield ind1="0" ind2="0" tag="780"><subfield code="t">USF oracle</subfield><subfield code="w">(DLC)sn 96027399</subfield><subfield code="w">(OCoLC)23672397</subfield></datafield><datafield ind1="4" ind2=" " tag="856"><subfield code="z">Related internet site:</subfield><subfield code="u">http://www.oracle.usf.edu/</subfield></datafield></record>